@article{wang2020cord19,
  title={CORD-19: The COVID-19 Open Research Dataset},
  author={Wang, Lucy Lu and Lo, Kyle and Chandrasekhar, Yoganand and Reas, Russell and Yang, Jiangjiang and Burdick, Doug and Eide, Darrin and Funk, Kathryn and Katsis, Yannis and Kinney, Rodney and others},
  journal={arXiv preprint arXiv:2004.10706},
  year={2020}
}

@article{pazzanese2020,
  title={Battling the pandemic of misinformation},
  author={Pazzanese, Christina},
  journal={The Harvard Gazette},
  year={2020},
  url={https://news.harvard.edu/gazette/story/2020/05/social-media-used-to-spread-create-covid-19-falsehoods/}
}

@article{joshi2020state,
  title={The state and fate of linguistic diversity and inclusion in the NLP world},
  author={Joshi, Pratik and Santy, Sebastin and Budhiraja, Amar and Bali, Kalika and Choudhury, Monojit},
  journal={Proceedings of the 58th Annual Meeting of the Association for Computational Linguistics},
  pages={6282--6293},
  year={2020}
}

@article{joulin2017bag,
  title={Bag of tricks for efficient text classification},
  author={Joulin, Armand and Grave, Edouard and Bojanowski, Piotr and Mikolov, Tomas},
  journal={Proceedings of the 15th Conference of the European Chapter of the Association for Computational Linguistics},
  volume={2},
  pages={427--431},
  year={2017}
}

@article{amano2016languages,
  title={Languages are still a major barrier to global science},
  author={Amano, Tatsuya and González-Varo, Juan P and Sutherland, William J},
  journal={PLOS Biology},
  volume={14},
  number={12},
  pages={e2000933},
  year={2016},
  publisher={Public Library of Science}
}

@article{liu2017dominance,
  title={The dominance of English in global scholarly publishing},
  author={Liu, Wei},
  journal={International Higher Education},
  number={90},
  pages={22--24},
  year={2017}
}

@inproceedings{besacier2014speech,
  title={Speech technologies for African languages: Example of a multilingual calculator for education},
  author={Besacier, Laurent and Barnard, Etienne and Karpov, Alexey and Schultz, Tanja},
  booktitle={Fifteenth Annual Conference of the International Speech Communication Association},
  year={2014}
}

@article{piller2020covid,
  title={COVID-19 language matters: Improving global communication without burning linguistic bridges},
  author={Piller, Ingrid and Zhang, Jie and Li, Jia},
  journal={Multilingua},
  volume={39},
  number={5},
  pages={503--515},
  year={2020}
}

@article{yeheskel2019challenges,
  title={Challenges and solutions for addressing critical shortages of essential medications},
  author={Yeheskel, Anath and Rawal, Shivani},
  journal={Frontiers in Pharmacology},
  volume={10},
  pages={1},
  year={2019}
}

@article{kornai2013digital,
  title={Digital language death},
  author={Kornai, András},
  journal={PloS one},
  volume={8},
  number={10},
  pages={e77056},
  year={2013},
  publisher={Public Library of Science}
}

@inproceedings{taskin2020co,
  title={Co-word analysis of studies on language barriers in healthcare},
  author={Taşkın, Zehra and Doğan, Güleda and Kulczycki, Emanuel and Zuccala, Alesia},
  booktitle={Proceedings of ISSI 2020: 17th International Conference on Scientometrics and Informetrics},
  pages={585--596},
  year={2020}
}

@inproceedings{nekoto2020participatory,
  title={Participatory research for low-resourced machine translation: A case study in African languages},
  author={Nekoto, Wilhelmina and Marivate, Vukosi and Matsila, Tshinondiwa and Fasubaa, Timi and Kolawole, Tajudeen and Fagbohungbe, Taiwo and Akinola, Solomon Oluwole and Muhammad, Shamsuddeen and Kabongo, Salomon and others},
  booktitle={Findings of the Association for Computational Linguistics: EMNLP 2020},
  pages={2144--2160},
  year={2020}
}
