@inproceedings{barrospena2021circumspect,
    author    = {Barros Pena, B. and Clarke, R. E. and Holmquist, L. E. and Vines, J.},
    title     = {Circumspect Users: Older Adults as Critical Adopters and Resistors of Technology},
    booktitle = {Proceedings of the CHI Conference on Human Factors in Computing Systems},
    year      = {2021},
    publisher = {Association for Computing Machinery}
}

@techreport{bloedorn2023mitre,
    author    = {Bloedorn, E. E. and Kotras, D. M. and Schwartz, P. J. and Chaney, C. and Chaney, C. and Patsis, J.},
    title     = {The MITRE AI Maturity Model and Organizational Assessment Tool Guide: A Path to Successful AI Adoption},
    institution = {MITRE},
    year      = {2023}
}

@article{brynjolfsson2017what,
    author  = {Brynjolfsson, E. and Mitchell, T.},
    title   = {What Can Machine Learning Do? Workforce Implications},
    journal = {Science},
    volume  = {358},
    number  = {6370},
    pages   = {1530--1534},
    year    = {2017}
}

@article{castelo2019task,
    author  = {Castelo, N. and Bos, M. W. and Lehmann, D. R.},
    title   = {Task-Dependent Algorithm Aversion},
    journal = {Journal of Marketing Research},
    volume  = {56},
    number  = {5},
    pages   = {809--825},
    year    = {2019}
}

@article{collins2021artificial,
    author  = {Collins, C. and Dennehy, D. and Conboy, K. and Mikalef, P.},
    title   = {Artificial Intelligence in Information Systems Research: A Systematic Literature Review and Research Agenda},
    journal = {International Journal of Information Management},
    volume  = {60},
    pages   = {102383},
    year    = {2021}
}

@article{davenport2018artificial,
    author  = {Davenport, T. H. and Ronanki, R.},
    title   = {Artificial Intelligence for the Real World},
    journal = {Harvard Business Review},
    volume  = {96},
    number  = {1},
    pages   = {108--116},
    year    = {2018}
}

@book{deci1995why,
    author    = {Deci, E. L. and Flaste, R.},
    title     = {Why We Do What We Do},
    publisher = {Penguin Books},
    address   = {New York, NY},
    year      = {1995}
}

@book{edmondson2019fearless,
    author    = {Edmondson, A.},
    title     = {The Fearless Organization: Creating Psychological Safety in the Workplace for Learning, Innovation, and Growth},
    publisher = {John Wiley \& Sons},
    address   = {Hoboken, NJ},
    year      = {2019}
}

@book{florida2012creative,
    author    = {Florida, R.},
    title     = {The Rise of the Creative Class, Revisited: Revised and Expanded},
    publisher = {Basic Books},
    address   = {New York, NY},
    year      = {2012}
}

@article{iansiti2020competing,
    author  = {Iansiti, M. and Lakhani, K. R.},
    title   = {Competing in the Age of AI},
    journal = {Harvard Business Review},
    volume  = {98},
    number  = {1},
    pages   = {60--67},
    year    = {2020}
}

@article{jung2021towards,
    author  = {Jung, M. and Seiter, M.},
    title   = {Towards a Better Understanding on Mitigating Algorithm Aversion in Forecasting: An Experimental Study},
    journal = {Journal of Management Control},
    volume  = {32},
    pages   = {495--516},
    year    = {2021}
}

@article{kausel2022longitudinal,
    author  = {Kausel, E. E. and Reyes, T. and Chacon, A.},
    title   = {A Longitudinal Approach for Understanding Algorithm Use},
    journal = {Journal of Behavioral Decision Making},
    volume  = {35},
    number  = {4},
    pages   = {e2275},
    year    = {2022}
}

@article{lee2004trust,
    author  = {Lee, J. D. and See, K. A.},
    title   = {Trust in Automation: Designing for Appropriate Reliance},
    journal = {Human Factors},
    volume  = {46},
    number  = {1},
    pages   = {50--80},
    year    = {2004}
}

@article{longoni2019resistance,
    author  = {Longoni, C. and Bonezzi, A. and Morewedge, C. K.},
    title   = {Resistance to Medical Artificial Intelligence},
    journal = {Journal of Consumer Research},
    volume  = {46},
    number  = {4},
    pages   = {629--650},
    year    = {2019}
}

@article{maedche2019ai,
    author  = {Maedche, A. and Legner, C. and Benlian, A. and Berger, B. and Gimpel, H. and Hess, T. and Hinz, O. and Morana, S. and S{\"o}llner, M.},
    title   = {AI-Based Digital Assistants},
    journal = {Business \& Information Systems Engineering},
    volume  = {61},
    number  = {4},
    pages   = {535--544},
    year    = {2019}
}

@misc{mckinsey2023state,
    author       = {{McKinsey \& Company}},
    title        = {The State of AI in Early 2024: Gen AI Adoption Spikes and Starts to Generate Value},
    year         = {2023},
    note         = {McKinsey \& Company}
}

@misc{mckinsey2024data,
    author       = {{McKinsey Technology}},
    title        = {A Data Leader's Operating Guide to Scaling Gen AI},
    year         = {2024},
    note         = {McKinsey Technology}
}

@article{mikalef2021artificial,
    author  = {Mikalef, P. and Gupta, M.},
    title   = {Artificial Intelligence Capability: Conceptualization, Measurement Calibration, and Empirical Study on Its Impact on Organizational Creativity and Firm Performance},
    journal = {Information \& Management},
    volume  = {58},
    number  = {3},
    pages   = {103434},
    year    = {2021}
}

@misc{pharo2023about,
    author       = {{Pharo Foundation}},
    title        = {About Pharo Foundation},
    year         = {2023},
    howpublished = {\url{https://pharofoundation.org/our-story}}
}

@misc{pharo2024gmf,
    author       = {{Pharo Foundation}},
    title        = {Global Monitoring Framework: An Impact-Driven Approach to Design, Monitoring, and Evaluation},
    year         = {2024},
    note         = {Internal Document}
}

@misc{pharo2024finance,
    author       = {{Pharo Foundation Finance Transformation Strategy}},
    title        = {Internal Strategic Document},
    year         = {2024},
    note         = {Internal Document}
}

@article{shin2022a,
    author  = {Shin, D.},
    title   = {Expanding the Role of Trust in the Experience of Algorithmic Journalism: User Sensemaking of Algorithmic Heuristics in Korean Users},
    journal = {Journalism Practice},
    volume  = {16},
    number  = {6},
    pages   = {1168--1191},
    year    = {2022}
}

@article{shin2022b,
    author  = {Shin, D.},
    title   = {How Do People Judge the Credibility of Algorithmic Sources?},
    journal = {AI \& Society},
    volume  = {37},
    number  = {1},
    pages   = {81--96},
    year    = {2022}
}

@article{shin2022understanding,
    author  = {Shin, D. and Lim, J. S. and Ahmad, N. and Ibahrine, M.},
    title   = {Understanding User Sensemaking in Fairness and Transparency in Algorithms: Algorithmic Sensemaking in Over-the-Top Platform},
    journal = {AI \& Society},
    pages   = {1--14},
    year    = {2022}
}

@article{strich2021what,
    author  = {Strich, F. and Mayer, A. S. and Fiedler, M.},
    title   = {What Do I Do in a World of Artificial Intelligence? Investigating the Impact of Substitutive Decision-Making AI Systems on Employees' Professional Role Identity},
    journal = {Journal of the Association for Information Systems},
    volume  = {22},
    number  = {2},
    pages   = {304--324},
    year    = {2021}
}

@article{thurman2019my,
    author  = {Thurman, N. and Moeller, J. and Helberger, N. and Trilling, D.},
    title   = {My Friends, Editors, Algorithms, and I},
    journal = {Digital Journalism},
    volume  = {7},
    number  = {4},
    pages   = {447--469},
    year    = {2019}
}