@article{marvin2023digital,
  title={Digital wellness applications: Market trends and user engagement patterns},
  author={Marvin, Rebecca and Johnson, Kyle},
  journal={Journal of Digital Health},
  volume={8},
  number={2},
  pages={143--159},
  year={2023},
  publisher={Digital Health Society}
}

@report{wellness2023market,
  title={Wellness App Market Analysis: Growth Projections 2023-2028},
  author={{Global Wellness Institute}},
  year={2023},
  institution={Global Wellness Institute},
  type={Industry Report}
}

@article{hamari2019gamification,
  title={Gamification in health and wellness apps: A conceptual framework for behavior change},
  author={Hamari, Juho and Koivisto, Jonna},
  journal={International Journal of Human-Computer Studies},
  volume={132},
  pages={95--107},
  year={2019},
  publisher={Elsevier}
}

@book{deterding2021gamification,
  title={Gamification: Using Game Elements in Serious Contexts},
  author={Deterding, Sebastian and Nacke, Lennart E.},
  year={2021},
  publisher={Springer},
  address={New York, NY}
}

@article{yang2022personalization,
  title={Personalization algorithms for health and wellness applications: A systematic review},
  author={Yang, Jing and Chen, Li and Ding, Hongwei and Lin, Xiaojun},
  journal={IEEE Journal of Biomedical and Health Informatics},
  volume={26},
  number={4},
  pages={1561--1573},
  year={2022},
  publisher={IEEE}
}

@article{li2023aicompanions,
  title={AI companions in health interventions: A systematic review of conversational agents},
  author={Li, Jingwen and Dey, Anind K. and Forlizzi, Jodi},
  journal={ACM Transactions on Interactive Intelligent Systems},
  volume={13},
  number={2},
  pages={1--28},
  year={2023},
  publisher={ACM}
}

@report{microsoft2024ai,
  title={AI Maturity in Enterprise Organizations},
  author={{Microsoft Research}},
  year={2024},
  institution={Microsoft},
  type={Research Report}
}

@article{singh2022aihealth,
  title={Artificial intelligence in preventive healthcare: Current applications and future directions},
  author={Singh, Jasmine and Kumar, Ravi and Kim, Jihyun},
  journal={Journal of Preventive Medicine and Public Health},
  volume={55},
  number={3},
  pages={267--279},
  year={2022},
  publisher={Korean Society for Preventive Medicine}
}

@inproceedings{bullock2023aiethics,
  title={Ethical considerations in AI-powered wellness applications},
  author={Bullock, Jennifer and Amaro, Silvia},
  booktitle={Proceedings of the 2023 International Conference on AI Ethics and Society},
  pages={112--124},
  year={2023},
  organization={ACM}
}

@article{zhang2022aimaturity,
  title={AI maturity models: A comparative analysis for business strategy},
  author={Zhang, Wei and Thompson, Robert and Chang, David},
  journal={Journal of Business Strategy},
  volume={43},
  number={5},
  pages={78--91},
  year={2022},
  publisher={Emerald Publishing}
}

@book{davenport2022aidriven,
  title={AI-Driven Business Transformation: Practical Applications for Modern Enterprises},
  author={Davenport, Thomas H. and Ronanki, Rajeev},
  year={2022},
  publisher={Harvard Business Review Press},
  address={Boston, MA}
}

@article{johnson2023healthai,
  title={Machine learning applications in personalized digital health interventions},
  author={Johnson, Katherine and Bhatia, Rahul and Webb, Thomas},
  journal={npj Digital Medicine},
  volume={6},
  pages={45},
  year={2023},
  publisher={Nature Publishing Group}
}
