@article{huang2024physical,
  title={Physical AI: The New Frontier for NVIDIA},
  author={Huang, Jensen},
  journal={NVIDIA Blog},
  year={2024},
  url={https://blogs.nvidia.com/blog/physical-ai-robotics/}
}

@book{groover2019fundamentals,
  title={Fundamentals of Modern Manufacturing: Materials, Processes, and Systems},
  author={Groover, Mikell P.},
  year={2019},
  publisher={John Wiley \& Sons},
  edition={7th}
}

@book{cohn2009succeeding,
  title={Succeeding with Agile: Software Development Using Scrum},
  author={Cohn, Mike},
  year={2009},
  publisher={Addison-Wesley Professional},
  pages={312--314}
}

@article{lecun2015deep,
  title={Deep learning},
  author={LeCun, Yann and Bengio, Yoshua and Hinton, Geoffrey},
  journal={Nature},
  volume={521},
  number={7553},
  pages={436--444},
  year={2015},
  publisher={Nature Publishing Group}
}

@article{wang2018automated,
  title={Automated defect detection in aerospace manufacturing using deep learning},
  author={Wang, Junfeng and Fu, Ping and Gao, Robert X.},
  journal={Journal of Manufacturing Systems},
  volume={48},
  pages={175--182},
  year={2018},
  publisher={Elsevier}
}

@book{siciliano2016springer,
  title={Springer Handbook of Robotics},
  author={Siciliano, Bruno and Khatib, Oussama},
  year={2016},
  publisher={Springer},
  address={Berlin, Heidelberg}
}

@online{figureAI2024,
  author = {{Figure AI}},
  title = {Figure 02: General Purpose Humanoid Robot},
  year = {2024},
  url = {https://www.figure.ai/},
  urldate = {2024-03-29}
}

@book{siegwart2011introduction,
  title={Introduction to Autonomous Mobile Robots},
  author={Siegwart, Roland and Nourbakhsh, Illah Reza and Scaramuzza, Davide},
  year={2011},
  publisher={MIT Press},
  edition={2nd}
}

@article{albino2015smart,
  title={Smart cities: Definitions, dimensions, performance, and initiatives},
  author={Albino, Vito and Berardi, Umberto and Dangelico, Rosa Maria},
  journal={Journal of Urban Technology},
  volume={22},
  number={1},
  pages={3--21},
  year={2015},
  publisher={Taylor \& Francis}
}

@article{zanella2014internet,
  title={Internet of things for smart cities},
  author={Zanella, Andrea and Bui, Nicola and Castellani, Angelo and Vangelista, Lorenzo and Zorzi, Michele},
  journal={IEEE Internet of Things journal},
  volume={1},
  number={1},
  pages={22--32},
  year={2014},
  publisher={IEEE}
}

@article{AutomationDaily,
  title={Automation Foundations: Current and Emerging Approaches},
  author={Johnson, Michael and Zhang, Wei},
  journal={Automation Daily},
  volume={24},
  number={3},
  pages={45--58},
  year={2023},
  publisher={Automation Media Group}
}

@techreport{SmartCitiesDoc,
  title={Smart Cities Framework: Planning for Connected Urban Infrastructure},
  author={{International Standards Organization}},
  number={ISO 37106:2021},
  institution={ISO},
  year={2021},
  address={Geneva, Switzerland}
}

@misc{LiveSession8,
  title={Quality Assurance for Automation Systems},
  author={Smith, Robert},
  howpublished={Live Training Session 8, Robotics Engineering Program},
  year={2023},
  month={November}
}

@misc{LiveSession10,
  title={Wireless Technologies for Smart City Infrastructure},
  author={Chen, Lisa},
  howpublished={Live Training Session 10, Smart City Planning Program},
  year={2023},
  month={December}
}

@misc{nvidia2024isaac,
  title = {NVIDIA Isaac GR00T: General-Purpose Robotic Foundation Models},
  author = {{NVIDIA Corporation}},
  year = {2024},
  howpublished = {GitHub repository},
  url = {https://github.com/NVIDIA/Isaac-GR00T},
  note = {Accessed: March 29, 2025},
  organization = {NVIDIA}
}