@article{wei2019deep,
  title={Deep Learning for Fine-Grained Image Analysis: A Survey},
  author={Wei, Xiu-Shen and Wu, Jianxin and Cui, Quan},
  journal={arXiv preprint arXiv:1907.03069},
  year={2019}
}

@inproceedings{parkhi2012cats,
  title={Cats and dogs},
  author={Parkhi, Omkar M and Vedaldi, Andrea and Zisserman, Andrew and Jawahar, CV},
  booktitle={2012 IEEE Conference on Computer Vision and Pattern Recognition},
  pages={3498--3505},
  year={2012},
  organization={IEEE}
}

@inproceedings{he2016deep,
  title={Deep residual learning for image recognition},
  author={He, Kaiming and Zhang, Xiangyu and Ren, Shaoqing and Sun, Jian},
  booktitle={Proceedings of the IEEE conference on computer vision and pattern recognition},
  pages={770--778},
  year={2016}
}

@inproceedings{tan2019efficientnet,
  title={EfficientNet: Rethinking model scaling for convolutional neural networks},
  author={Tan, Mingxing and Le, Quoc V},
  booktitle={Proceedings of the 36th International Conference on Machine Learning},
  pages={6105--6114},
  year={2019}
}

@inproceedings{krizhevsky2012imagenet,
  title={ImageNet classification with deep convolutional neural networks},
  author={Krizhevsky, Alex and Sutskever, Ilya and Hinton, Geoffrey E},
  booktitle={Advances in Neural Information Processing Systems},
  pages={1097--1105},
  year={2012}
}

@inproceedings{simonyan2014very,
  title={Very deep convolutional networks for large-scale image recognition},
  author={Simonyan, Karen and Zisserman, Andrew},
  booktitle={International Conference on Learning Representations},
  year={2014}
}

@inproceedings{szegedy2015going,
  title={Going deeper with convolutions},
  author={Szegedy, Christian and Liu, Wei and Jia, Yangqing and Sermanet, Pierre and Reed, Scott and Anguelov, Dragomir and Erhan, Dumitru and Vanhoucke, Vincent and Rabinovich, Andrew},
  booktitle={Proceedings of the IEEE conference on computer vision and pattern recognition},
  pages={1--9},
  year={2015}
}

@inproceedings{huang2017densely,
  title={Densely connected convolutional networks},
  author={Huang, Gao and Liu, Zhuang and Van Der Maaten, Laurens and Weinberger, Kilian Q},
  booktitle={Proceedings of the IEEE conference on computer vision and pattern recognition},
  pages={4700--4708},
  year={2017}
}

@inproceedings{zhang2014part,
  title={Part-based R-CNNs for fine-grained category detection},
  author={Zhang, Ning and Donahue, Jeff and Girshick, Ross and Darrell, Trevor},
  booktitle={European conference on computer vision},
  pages={834--849},
  year={2014},
  organization={Springer}
}

@inproceedings{fu2017look,
  title={Look closer to see better: Recurrent attention convolutional neural network for fine-grained image recognition},
  author={Fu, Jianlong and Zheng, Heliang and Mei, Tao},
  booktitle={Proceedings of the IEEE conference on computer vision and pattern recognition},
  pages={4438--4446},
  year={2017}
}

@inproceedings{lin2015bilinear,
  title={Bilinear CNN models for fine-grained visual recognition},
  author={Lin, Tsung-Yu and RoyChowdhury, Aruni and Maji, Subhransu},
  booktitle={Proceedings of the IEEE international conference on computer vision},
  pages={1449--1457},
  year={2015}
}

@inproceedings{yu2018hierarchical,
  title={Hierarchical feature embedding for attribute recognition},
  author={Yu, Zhou and Chen, Yuhao and Wei, Ruolin and Sun, Li and Jian, Meng and Zheng, Wei},
  booktitle={Proceedings of the IEEE Conference on Computer Vision and Pattern Recognition},
  pages={9699--9708},
  year={2018}
}

@inproceedings{yosinski2014transferable,
  title={How transferable are features in deep neural networks?},
  author={Yosinski, Jason and Clune, Jeff and Bengio, Yoshua and Lipson, Hod},
  booktitle={Advances in neural information processing systems},
  pages={3320--3328},
  year={2014}
}

@article{deng2009imagenet,
  title={ImageNet: A large-scale hierarchical image database},
  author={Deng, Jia and Dong, Wei and Socher, Richard and Li, Li-Jia and Li, Kai and Fei-Fei, Li},
  journal={2009 IEEE conference on computer vision and pattern recognition},
  pages={248--255},
  year={2009}
}

@inproceedings{zeiler2014visualizing,
  title={Visualizing and understanding convolutional networks},
  author={Zeiler, Matthew D and Fergus, Rob},
  booktitle={European conference on computer vision},
  pages={818--833},
  year={2014},
  organization={Springer}
}

@inproceedings{kornblith2019better,
  title={Do better ImageNet models transfer better?},
  author={Kornblith, Simon and Shlens, Jonathon and Le, Quoc V},
  booktitle={Proceedings of the IEEE/CVF Conference on Computer Vision and Pattern Recognition},
  pages={2661--2671},
  year={2019}
}

@article{howard2018universal,
  title={Universal language model fine-tuning for text classification},
  author={Howard, Jeremy and Ruder, Sebastian},
  journal={arXiv preprint arXiv:1801.06146},
  year={2018}
}

@inproceedings{peters2019tune,
  title={To tune or not to tune? Adapting pretrained representations to diverse tasks},
  author={Peters, Matthew E and Ruder, Sebastian and Smith, Noah A},
  booktitle={Proceedings of the 4th Workshop on Representation Learning for NLP},
  pages={7--14},
  year={2019}
}

@inproceedings{simon2019generalizing,
  title={Generalizing from a few examples: A survey on few-shot learning},
  author={Wang, Yaqing and Yao, Quanming and Kwok, James and Ni, Lionel M},
  booktitle={ACM Computing Surveys},
  year={2019}
}

@inproceedings{angelova2018real,
  title={Real-time apparency prediction},
  author={Angelova, Anelia and Zhu, Shenghuo},
  booktitle={Proceedings of the IEEE Conference on Computer Vision and Pattern Recognition},
  pages={7235--7243},
  year={2018}
}

@inproceedings{ge2018low,
  title={Low-resolution face recognition in the wild via selective knowledge distillation},
  author={Ge, Shiming and Zhao, Shengwei and Li, Chengjie and Li, Jia},
  booktitle={Proceedings of the IEEE Conference on Computer Vision and Pattern Recognition},
  pages={7979--7988},
  year={2018}
}

@article{dosovitskiy2020image,
  title={An image is worth 16x16 words: Transformers for image recognition at scale},
  author={Dosovitskiy, Alexey and Beyer, Lucas and Kolesnikov, Alexander and Weissenborn, Dirk and Zhai, Xiaohua and Unterthiner, Thomas and Dehghani, Mostafa and Minderer, Matthias and Heigold, Georg and Gelly, Sylvain and others},
  journal={arXiv preprint arXiv:2010.11929},
  year={2020}
}

@misc{kibaki2025petclassification,
  author = {Kibaki, Charles Watson Ndethi},
  title = {Deep Learning Approaches for Fine-Grained Pet Classification},
  year = {2025},
  howpublished = {GitHub repository},
  url = {https://github.com/ndethi/opit-rai203-t2/rai-8002-cv/assessment1},
  note = {Open Institute of Technology, Assessment 1 Repository}
}