@article{brown2023ai,
  title={AI in Professional Communication: A Systematic Review},
  author={Brown, Sarah and Johnson, Michael},
  journal={Journal of Business Communication},
  volume={45},
  number={2},
  pages={112--134},
  year={2023}
}

@article{smith2024communication,
  title={Communication Efficiency in the Age of AI},
  author={Smith, Robert and Lee, Jane},
  journal={Digital Business Quarterly},
  volume={12},
  number={1},
  pages={45--67},
  year={2024}
}

@article{jones2024workplace,
  title={Workplace Communication Patterns: Human vs AI},
  author={Jones, Patricia and Wilson, Thomas},
  journal={Organizational Studies Review},
  volume={31},
  number={3},
  pages={78--92},
  year={2024}
}

@book{wilson2023experimental,
  title={Experimental Design in Communication Research},
  author={Wilson, Mark and Thompson, Sarah},
  publisher={Academic Press},
  year={2023}
}

@article{davis2024ai,
  title={AI Writing Assistants: Impact on Professional Communication},
  author={Davis, Emma and Clark, Richard},
  journal={Technology and Communication},
  volume={15},
  number={2},
  pages={201--218},
  year={2024}
}

@article{miller2024natural,
  title={Natural Language Generation: Bridging the Gap Between AI and Human Writing},
  author={Miller, John and Zhang, Wei},
  journal={Computational Linguistics Review},
  volume={42},
  number={1},
  pages={15--32},
  year={2024}
}

@article{taylor2024consistency,
  title={Consistency Patterns in AI-Generated Content},
  author={Taylor, Mary and Anderson, James},
  journal={AI Quarterly},
  volume={8},
  number={4},
  pages={89--104},
  year={2024}
}

@article{chen2024longitudinal,
  title={A Longitudinal Study of AI Acceptance in Professional Settings},
  author={Chen, Li and Peterson, Kyle},
  journal={Journal of Applied Psychology},
  volume={109},
  number={2},
  pages={156--173},
  year={2024}
}

@article{hoofnagle2019european,
title={The European Union general data protection regulation: what it is and what it means},
author={Hoofnagle, Chris Jay and van der Sloot, Bart and Borgesius, Frederik Zuiderveen},
journal={Information & Communications Technology Law},
volume={28},
number={1},
pages={65--98},
year={2019},
publisher={Taylor & Francis}
}

@article{voigt2017eu,
title={The EU General Data Protection Regulation (GDPR)},
author={Voigt, Paul and Von dem Bussche, Axel},
journal={A Practical Guide, 1st Ed., Cham: Springer International Publishing},
volume={10},
number={3152676},
pages={10--5555},
year={2017}
}