@article{adelani2021masakhaner,
  title={MasakhaNER: Named Entity Recognition for African Languages},
  author={Adelani, David Ifeoluwa and Abbott, Jade and Neubig, Graham and D'souza, Daniel and Kreutzer, Julia and Lignos, Constantine and Palen-Michel, Chester and Buzaaba, Hannington and Rijhwani, Shruti and Ruder, Sebastian and Mayhew, Stephen and Azime, Israel Abebe and Muhammad, Shamsuddeen H and Emezue, Chris Chinenye and Nakatumba-Nabende, Joyce and Ogayo, Perez and Anuoluwapo, Aremu and Gitau, Catherine and Mbaye, Derguene and Alabi, Jesujoba and Mukherjee, Seid and Ndiritu, Blessing and Njenje, Tosin and Muriuki, Millicent and Otieno, Mofe and Masakhwe, Louis and Davis, Stella and Ngom, Bamba and Mboup, Tewodros and Ebner, Star and Jong, Teddy and Adedoyin-Olowe, Marize and Adeyemi, Mohammed},
  journal={Transactions of the Association for Computational Linguistics},
  volume={9},
  pages={1116--1131},
  year={2021}
}

@inproceedings{devlin2019bert,
  title={BERT: Pre-training of Deep Bidirectional Transformers for Language Understanding},
  author={Devlin, Jacob and Chang, Ming-Wei and Lee, Kenton and Toutanova, Kristina},
  booktitle={Proceedings of the 2019 Conference of the North American Chapter of the Association for Computational Linguistics: Human Language Technologies, Volume 1 (Long and Short Papers)},
  pages={4171--4186},
  year={2019}
}

@inproceedings{conneau2020unsupervised,
  title={Unsupervised Cross-lingual Representation Learning at Scale},
  author={Conneau, Alexis and Khandelwal, Kartikay and Goyal, Naman and Chaudhary, Vishrav and Wenzek, Guillaume and Guzm√°n, Francisco and Grave, Edouard and Ott, Myle and Zettlemoyer, Luke and Stoyanov, Veselin},
  booktitle={Proceedings of the 58th Annual Meeting of the Association for Computational Linguistics},
  pages={8440--8451},
  year={2020}
}

@article{huang2015bidirectional,
  title={Bidirectional LSTM-CRF models for sequence tagging},
  author={Huang, Zhiheng and Xu, Wei and Yu, Kai},
  journal={arXiv preprint arXiv:1508.01991},
  year={2015}
}

@inproceedings{rijhwani2020soft,
  title={Soft Gazetteers for Low-Resource Named Entity Recognition},
  author={Rijhwani, Shruti and Zhou, Xin and Neubig, Graham and Jaime, Carlos},
  booktitle={Proceedings of the 58th Annual Meeting of the Association for Computational Linguistics},
  pages={8118--8123},
  year={2020}
}

@inproceedings{wu2020are,
  title={Are All Languages Created Equal in Multilingual BERT?},
  author={Wu, Shijie and Dredze, Mark},
  booktitle={Proceedings of the 5th Workshop on Representation Learning for NLP},
  pages={120--130},
  year={2020}
}