@online{nvidia_automotive,
  author = {{NVIDIA}},
  title = {Automotive Industry Solutions},
  year = {2023},
  url = {https://www.nvidia.com/en-us/self-driving-cars/},
  urldate = {2023-11-15}
}

@online{deloitte_ai_factories,
  author = {{Deloitte}},
  title = {AI-Driven Factories of the Future},
  year = {2022},
  url = {https://www2.deloitte.com/us/en/insights/focus/technology-and-the-future-of-work/ai-in-manufacturing-applications.html},
  urldate = {2023-11-15}
}

@online{mckinsey_automation,
  author = {{McKinsey \& Company}},
  title = {Automation in automotive manufacturing: Transforming car production with new-age robotics},
  year = {2023},
  url = {https://www.mckinsey.com/industries/automotive-and-assembly/our-insights/automation-in-automotive-manufacturing},
  urldate = {2023-11-15}
}

@online{ibm_data_privacy,
  author = {{IBM}},
  title = {Data privacy and security considerations for AI in automotive manufacturing},
  year = {2022},
  url = {https://www.ibm.com/blog/data-privacy-and-security-for-ai-in-automotive/},
  urldate = {2023-11-15}
}

@online{nvidia_jetson,
  author = {{NVIDIA}},
  title = {Jetson Edge AI Platform},
  year = {2023},
  url = {https://developer.nvidia.com/embedded-computing},
  urldate = {2023-11-15}
}

@online{google_cloud_tpu,
  author = {{Google Cloud}},
  title = {Cloud TPU Documentation},
  year = {2023},
  url = {https://cloud.google.com/tpu/docs},
  urldate = {2023-11-15}
}

@online{azure_fpga,
  author = {{Microsoft Azure}},
  title = {FPGAs in Azure},
  year = {2023},
  url = {https://azure.microsoft.com/en-us/solutions/fpga-acceleration/},
  urldate = {2023-11-15}
}

@online{intel_neuromorphic,
  author = {{Intel Labs}},
  title = {Neuromorphic Computing},
  year = {2023},
  url = {https://www.intel.com/content/www/us/en/research/neuromorphic-computing.html},
  urldate = {2023-11-15}
}

@online{google_vertex_ai,
  author = {{Google Cloud}},
  title = {Vertex AI: Unified AI Platform},
  year = {2023},
  url = {https://cloud.google.com/vertex-ai},
  urldate = {2023-11-15}
}

@online{aws_iot_greengrass,
  author = {{Amazon Web Services}},
  title = {AWS IoT Greengrass},
  year = {2023},
  url = {https://aws.amazon.com/greengrass/},
  urldate = {2023-11-15}
}

@online{azure_iot_edge,
  author = {{Microsoft Azure}},
  title = {Azure IoT Edge},
  year = {2023},
  url = {https://azure.microsoft.com/en-us/products/iot-edge/},
  urldate = {2023-11-15}
}

@online{nvidia_xavier,
  author = {{NVIDIA}},
  title = {Jetson Xavier NX Developer Kit},
  year = {2023},
  url = {https://developer.nvidia.com/embedded/jetson-xavier-nx-devkit},
  urldate = {2023-11-15}
}

@online{azure_latency,
  author = {{Microsoft Azure}},
  title = {Cloud Latency Considerations},
  year = {2023},
  url = {https://learn.microsoft.com/en-us/azure/ai-services/openai/how-to/latency},
  urldate = {2023-11-15}
}

@online{yolov5_benchmarks,
  author = {{Ultralytics}},
  title = {YOLOv5 Performance Benchmarks},
  year = {2023},
  url = {https://github.com/ultralytics/yolov5},
  urldate = {2023-11-15}
}

@online{aws_cost_opt,
  author = {{Amazon Web Services}},
  title = {AWS Cost Optimization Guide},
  year = {2023},
  url = {https://aws.amazon.com/architecture/cost-optimization/},
  urldate = {2023-11-15}
}

@online{accenture_future_ai,
  author = {{Accenture}},
  title = {The Future of AI in Automotive Manufacturing},
  year = {2023},
  url = {https://www.accenture.com/us-en/insights/automotive/future-ai-automotive-manufacturing},
  urldate = {2023-11-15}
}

@online{pwc_outlook,
  author = {{PwC}},
  title = {2025 Automotive Manufacturing Technology Outlook},
  year = {2022},
  url = {https://www.pwc.com/us/en/industries/industrial-products/library/automotive-manufacturing-technology.html},
  urldate = {2023-11-15}
}

@online{mit_edge_ai,
  author = {{MIT Technology Review}},
  title = {AI at the Edge: Transforming Manufacturing},
  year = {2023},
  url = {https://www.technologyreview.com/2023/01/17/1066956/ai-at-the-edge-transforming-manufacturing/},
  urldate = {2023-11-15}
}

@online{virtual_prototyping,
  author = {{AutodeskVRED}},
  title = {Virtual Prototyping with Autodesk VRED on AWS},
  year = {2023},
  url = {https://aws.amazon.com/blogs/media/virtual-prototyping-with-autodesk-vred-on-aws/},
  urldate = {2023-11-15}
}

@online{simscale_simulation,
  author = {{SimScale}},
  title = {Physics-based simulation for automotive applications},
  year = {2023},
  url = {https://www.simscale.com/automotive-engineering/},
  urldate = {2023-11-15}
}
