@article{floridi2019establishing,
  title={Establishing the rules for building trustworthy {AI}},
  author={Floridi, Luciano},
  journal={Nature Machine Intelligence},
  volume={1},
  number={6},
  pages={261--262},
  year={2019},
  publisher={Nature Publishing Group}
}

@article{jobin2019global,
  title={The global landscape of {AI} ethics guidelines},
  author={Jobin, Anna and Ienca, Marcello and Vayena, Effy},
  journal={Nature Machine Intelligence},
  volume={1},
  number={9},
  pages={389--399},
  year={2019},
  publisher={Nature Publishing Group}
}

@article{saad2020vision,
  title={A vision of {6G} wireless systems: Applications, trends, technologies, and open research problems},
  author={Saad, Walid and Bennis, Mehdi and Chen, Mingzhe},
  journal={IEEE Network},
  volume={34},
  number={3},
  pages={134--142},
  year={2020},
  publisher={IEEE}
}

@article{del2019technical,
  title={Technical and economic analysis of the {European} space-based connectivity system},
  author={Del Portillo, Inigo and Cameron, Bruce G and Crawley, Edward F},
  journal={Acta Astronautica},
  volume={159},
  pages={123--135},
  year={2019},
  publisher={Elsevier}
}

@article{maddox2019future,
  title={The future of healthcare communication},
  author={Maddox, Thomas M and Rumsfeld, John S and Payne, Philip RO},
  journal={Nature Medicine},
  volume={25},
  number={1},
  pages={11--12},
  year={2019},
  publisher={Nature Publishing Group}
}

@article{letaief2021edge,
  title={Edge {AI} and {6G}: Vision, enabling technologies, and applications},
  author={Letaief, Khaled B and Chen, Wei and Shi, Yuanming and Zhang, Jun and Zhang, Ya-Qin},
  journal={IEEE Journal on Selected Areas in Communications},
  volume={39},
  number={8},
  pages={2346--2367},
  year={2021},
  publisher={IEEE}
}

@article{khan2022internet,
  title={Internet of Things: Evolution, concerns and security challenges},
  author={Khan, Minhaj Ahmad and Quasim, Mohammed Taha and Alghamdi, Norah Saleh and Khan, Muhammad Khurram},
  journal={Sensors},
  volume={22},
  number={1},
  pages={80},
  year={2022},
  publisher={MDPI}
}

@article{xu2021digital,
  title={Digital twin-driven manufacturing cyber-physical system for parallel controlling of smart workshop},
  author={Xu, Yang and Sun, Yongkui and Liu, Xun and Zheng, Yuqian},
  journal={Journal of Ambient Intelligence and Humanized Computing},
  volume={12},
  pages={1--18},
  year={2021},
  publisher={Springer}
}

@article{shi2016edge,
  title={Edge computing: Vision and challenges},
  author={Shi, Weisong and Cao, Jie and Zhang, Quan and Li, Youhuizi and Xu, Lanyu},
  journal={IEEE Internet of Things Journal},
  volume={3},
  number={5},
  pages={637--646},
  year={2016},
  publisher={IEEE}
}

@article{mcdonough2020starlink,
  title={Starlink: A review and comparison of satellites internet constellations},
  author={McDonough, Austin and Mongeau, Paul},
  journal={Journal of the Communications Research Laboratory},
  volume={28},
  number={2},
  pages={10--20},
  year={2020}
}

@article{lavender2022connectivity,
  title={Connectivity in crisis: The role of satellite communications in humanitarian response},
  author={Lavender, Timothy and Roberts, Sarah},
  journal={Disasters},
  volume={46},
  number={3},
  pages={623--645},
  year={2022},
  publisher={Wiley Online Library}
}

@article{meier2023digital,
  title={Digital humanitarianism in the age of satellite mega-constellations},
  author={Meier, Patrick},
  journal={International Review of the Red Cross},
  volume={105},
  number={1},
  pages={73--91},
  year={2023},
  publisher={Cambridge University Press}
}

@article{yang2022satellite,
  title={Satellite-enabled disaster management: Technical advancements and future directions},
  author={Yang, Jia and Chen, Kai and Wang, Lynn},
  journal={Journal of Emergency Management},
  volume={20},
  number={2},
  pages={115--129},
  year={2022},
  publisher={Weston Medical Publishing}
}

@article{ahmed2020role,
  title={The role of telemedicine in addressing access to care during the COVID-19 pandemic},
  author={Ahmed, Sara and Sanghvi, Kaushal and Yeo, Danson},
  journal={NEJM Catalyst Innovations in Care Delivery},
  volume={1},
  number={4},
  year={2020},
  publisher={Massachusetts Medical Society}
}

@article{whitelaw2020applications,
  title={Applications of digital technology in COVID-19 pandemic planning and response},
  author={Whitelaw, Sera and Mamas, Mamas A and Topol, Eric and Van Spall, Harriette GC},
  journal={The Lancet Digital Health},
  volume={2},
  number={8},
  pages={e435--e440},
  year={2020},
  publisher={Elsevier}
}

@article{nikitas2020artificial,
  title={Artificial intelligence, transport and the smart city: Definitions and dimensions of a new mobility era},
  author={Nikitas, Alexandros and Michalakopoulou, Kalliopi and Njoya, Eric Tchouamou and Karampatzakis, Dimitris},
  journal={Sustainability},
  volume={12},
  number={7},
  pages={2789},
  year={2020},
  publisher={MDPI}
}

@article{shladover2021connected,
  title={Connected and automated vehicle systems: Introduction and overview},
  author={Shladover, Steven E},
  journal={Journal of Intelligent Transportation Systems},
  volume={25},
  number={1},
  pages={3--11},
  year={2021},
  publisher={Taylor \& Francis}
}

@article{breazeal2020designing,
  title={Designing social robots for older adults},
  author={Breazeal, Cynthia and Ostrowski, Anastasia K and Singh, Nikhita and Park, Hae Won},
  journal={The Bridge},
  volume={50},
  number={1},
  pages={59--65},
  year={2020}
}

@article{hancock2021human,
  title={Human-robot trust: A perspective from human factors and robotics},
  author={Hancock, Peter A and Kessler, Theresa T and Kaplan, Alexandra D and Brill, J Christopher and Szalma, James L},
  journal={Proceedings of the Human Factors and Ergonomics Society Annual Meeting},
  volume={65},
  number={1},
  pages={1082--1086},
  year={2021},
  publisher={SAGE Publications Sage CA: Los Angeles, CA}
}

@book{wallach2021moral,
  title={Moral machines: Teaching robots right from wrong},
  author={Wallach, Wendell and Allen, Colin},
  year={2021},
  publisher={Oxford University Press}
}

@book{coeckelbergh2020ethics,
  title={Ethics of artificial intelligence: A reflective analysis},
  author={Coeckelbergh, Mark},
  year={2020},
  publisher={Oxford University Press}
}

@article{howard2023addressing,
  title={Addressing bias in artificial intelligence through value alignment and ethical design},
  author={Howard, Ayanna and Borenstein, Jason},
  journal={Science and Engineering Ethics},
  volume={29},
  number={3},
  pages={1--18},
  year={2023},
  publisher={Springer}
}

@article{matthias2021robot,
  title={Robot liability: A use case and a potential solution},
  author={Matthias, Andreas},
  journal={Ethics and Information Technology},
  volume={23},
  pages={27--38},
  year={2021},
  publisher={Springer}
}

@article{wakabayashi2018selfdriving,
  title={Self-driving Uber car kills pedestrian in Arizona, where robots roam},
  author={Wakabayashi, Daisuke},
  journal={The New York Times},
  volume={19},
  year={2018},
  publisher={The New York Times}
}

@article{pagallo2022robots,
  title={Robots, privacy, and the five principles of data protection by design},
  author={Pagallo, Ugo},
  journal={IEEE Transactions on Technology and Society},
  volume={3},
  number={1},
  pages={30--38},
  year={2022},
  publisher={IEEE}
}

@article{harwell2022ring,
  title={Ring cameras shared home video footage with police without owners' consent},
  author={Harwell, Drew},
  journal={The Washington Post},
  year={2022},
  month={July},
  day={13}
}

@article{acemoglu2020robots,
  title={Robots and jobs: Evidence from US labor markets},
  author={Acemoglu, Daron and Restrepo, Pascual},
  journal={Journal of Political Economy},
  volume={128},
  number={6},
  pages={2188--2244},
  year={2020},
  publisher={University of Chicago Press Chicago, IL}
}

@article{zawacki2019automation,
  title={Automation and artificial intelligence: How machines affect people and places},
  author={Zawacki-Richter, Olaf and Marin, Victoria I and Bond, Melissa and Gouverneur, Franziska},
  journal={The International Review of Research in Open and Distributed Learning},
  volume={20},
  number={3},
  year={2019}
}

@article{de2021social,
  title={Social robots in service: A communication perspective},
  author={De Graaf, Maartje MA and Allouch, Somaya Ben},
  journal={Computers in Human Behavior},
  volume={115},
  pages={106627},
  year={2021},
  publisher={Elsevier}
}

@article{goel2020jill,
  title={Jill Watson: A virtual teaching assistant for online education},
  author={Goel, Ashok K and Polepeddi, Lalith},
  journal={Georgia Institute of Technology},
  year={2020}
}

@article{tilley2020economic,
  title={Economic analysis of mobile robotics: Return on investment and labor impacts},
  author={Tilley, James},
  journal={Robotics and Computer-Integrated Manufacturing},
  volume={64},
  pages={101946},
  year={2020},
  publisher={Elsevier}
}

@article{kawaguchi2022humanrobot,
  title={Human-robot collaboration in Japanese manufacturing: Current implementation and future outlook},
  author={Kawaguchi, Kenji and Yamada, Toshiki and Hashimoto, Naoki},
  journal={International Journal of Industrial Ergonomics},
  volume={89},
  pages={103269},
  year={2022},
  publisher={Elsevier}
}

@book{marr2021business,
  title={Business trends in practice: The 25+ trends that are redefining organizations},
  author={Marr, Bernard},
  year={2021},
  publisher={Wiley}
}

@article{johnson2021ethical,
  title={Ethical AI in business: Principles to implementation},
  author={Johnson, Katherine and Pasquale, Frank},
  journal={Harvard Business Review},
  year={2021},
  publisher={Harvard Business Publishing}
}

@article{dremliuga2019legal,
  title={Legal liability for artificial intelligence in autonomous systems},
  author={Dremliuga, Roman},
  journal={Journal of Risk Research},
  volume={22},
  number={7},
  pages={819--833},
  year={2019},
  publisher={Taylor \& Francis}
}

@article{mueller2022insurance,
  title={Insurance solutions for algorithmic accountability},
  author={Mueller, Benjamin and Schneider, Joerg},
  journal={Risk Management Magazine},
  volume={15},
  number={2},
  pages={42--48},
  year={2022}
}

@techreport{ieee2019,
  title={Ethically Aligned Design: A Vision for Prioritizing Human Well-being with Autonomous and Intelligent Systems},
  author={{IEEE Global Initiative on Ethics of Autonomous and Intelligent Systems}},
  institution={IEEE},
  year={2019},
  type={Technical Report}
}

@techreport{eu2019,
  title={Ethics guidelines for trustworthy AI},
  author={{High-Level Expert Group on Artificial Intelligence}},
  institution={European Commission},
  year={2019},
  type={Technical Report}
}

@inproceedings{gunning2019,
  title={DARPA's explainable artificial intelligence program},
  author={Gunning, David and Aha, David},
  booktitle={Proceedings of the 24th International Conference on Intelligent User Interfaces},
  pages={2--2},
  year={2019}
}

@article{dignum2019,
  title={Responsible artificial intelligence: Designing AI for human values},
  author={Dignum, Virginia},
  journal={ITU Journal: ICT Discoveries},
  volume={1},
  number={1},
  pages={1--8},
  year={2019}
}

@book{shneiderman2022,
  title={Human-centered AI},
  author={Shneiderman, Ben},
  year={2022},
  publisher={Oxford University Press}
}

@article{kumar2021,
  title={Securing Internet of Things: A review on emerging threats and countermeasures},
  author={Kumar, Sathish and Sahoo, Smruti and Mahapatra, Ashok Kumar},
  journal={Journal of Network and Computer Applications},
  volume={178},
  pages={102974},
  year={2021},
  publisher={Elsevier}
}

@inproceedings{amershi2019,
  title={Software engineering for machine learning: A case study},
  author={Amershi, Saleema and Begel, Andrew and Bird, Christian and DeLine, Robert and Gall, Harald and Kamar, Ece and Nagappan, Nachiappan and Nushi, Besmira and Zimmermann, Thomas},
  booktitle={Proceedings of the 41st International Conference on Software Engineering: Software Engineering in Practice},
  pages={291--300},
  year={2019}
}

@article{cath2018,
  title={Artificial intelligence and the 'good society': the US, EU, and UK approach},
  author={Cath, Corinne and Wachter, Sandra and Mittelstadt, Brent and Taddeo, Mariarosaria and Floridi, Luciano},
  journal={Science and Engineering Ethics},
  volume={24},
  number={2},
  pages={505--528},
  year={2018},
  publisher={Springer}
}

@misc{livesession12,
  title={Live Session 12: Ethics and Regulation of AI Technology},
  author={{Online Professional IT Program}},
  year={2023},
  howpublished={Lecture materials, OPIT RAI203-T2 Course}
}

@inproceedings{mitchell2019,
  title={Model cards for model reporting},
  author={Mitchell, Margaret and Wu, Simone and Zaldivar, Andrew and Barnes, Parker and Vasserman, Lucy and Hutchinson, Ben and Spitzer, Elena and Raji, Inioluwa Deborah and Gebru, Timnit},
  booktitle={Proceedings of the conference on fairness, accountability, and transparency},
  pages={220--229},
  year={2019}
}

@article{arrieta2020,
  title={Explainable Artificial Intelligence (XAI): Concepts, taxonomies, opportunities and challenges toward responsible AI},
  author={Arrieta, Alejandro Barredo and D{\'\i}az-Rodr{\'\i}guez, Natalia and Del Ser, Javier and Bennetot, Adrien and Tabik, Siham and Barbado, Alberto and Garc{\'\i}a, Salvador and Gil-L{\'o}pez, Sergio and Molina, Daniel and Benjamins, Richard},
  journal={Information Fusion},
  volume={58},
  pages={82--115},
  year={2020},
  publisher={Elsevier}
}

@techreport{gdpr2016,
  title={General Data Protection Regulation},
  author={{European Parliament and Council of the European Union}},
  institution={Official Journal of the European Union},
  year={2016},
  number={L 119},
  pages={1--88}
}

@inproceedings{cavoukian2009,
  title={Privacy by design: The 7 foundational principles},
  author={Cavoukian, Ann},
  booktitle={Information and Privacy Commissioner of Ontario, Canada},
  volume={5},
  year={2009}
}

@article{reisman2018,
  title={Algorithmic impact assessments: A practical framework for public agency accountability},
  author={Reisman, Dillon and Schultz, Jason and Crawford, Kate and Whittaker, Meredith},
  journal={AI Now Institute},
  year={2018}
}

@article{floridi2018,
  title={AI4People—An ethical framework for a good AI society: Opportunities, risks, principles, and recommendations},
  author={Floridi, Luciano and Cowls, Josh and Beltrametti, Monica and Chatila, Raja and Chazerand, Patrice and Dignum, Virginia and Luetge, Christoph and Madelin, Robert and Pagallo, Ugo and Rossi, Francesca and others},
  journal={Minds and machines},
  volume={28},
  number={4},
  pages={689--707},
  year={2018},
  publisher={Springer}
}

@article{barocas2017,
  title={Fairness in machine learning: Norms, concepts, and supporting practices},
  author={Barocas, Solon and Hardt, Moritz and Narayanan, Arvind},
  journal={NIPS Tutorial},
  volume={1},
  number={1},
  year={2017}
}

@article{friedman2019,
  title={Value sensitive design and information systems},
  author={Friedman, Batya and Hendry, David G and Borning, Alan},
  journal={The handbook of information and computer ethics},
  pages={69--101},
  year={2019},
  publisher={John Wiley \& Sons}
}

@article{whittaker2018,
  title={AI now report 2018},
  author={Whittaker, Meredith and Crawford, Kate and Dobbe, Roel and Fried, Genevieve and Kaziunas, Elizabeth and Mathur, Varoon and West, Sarah Mysers and Richardson, Rashida and Schultz, Jason and Schwartz, Oscar},
  journal={AI Now Institute},
  year={2018}
}

@article{dwork2014,
  title={The algorithmic foundations of differential privacy},
  author={Dwork, Cynthia and Roth, Aaron},
  journal={Foundations and Trends in Theoretical Computer Science},
  volume={9},
  number={3-4},
  pages={211--407},
  year={2014},
  publisher={Now Publishers Inc.}
}

@misc{livesession13,
  title={Live Session 13: Professional Development and Certification in IoT},
  author={{Online Professional IT Program}},
  year={2023},
  howpublished={Lecture materials, OPIT RAI203-T2 Course}
}

@inproceedings{raji2020,
  title={Closing the AI accountability gap: Defining an end-to-end framework for internal algorithmic auditing},
  author={Raji, Inioluwa Deborah and Smart, Andrew and White, Rebecca N and Mitchell, Margaret and Gebru, Timnit and Hutchinson, Ben and Smith-Loud, Jamila and Theron, Daniel and Barnes, Parker},
  booktitle={Proceedings of the 2020 conference on fairness, accountability, and transparency},
  pages={33--44},
  year={2020}
}

@book{crawford2021atlas,
  title={Atlas of AI: Power, politics, and the planetary costs of artificial intelligence},
  author={Crawford, Kate},
  year={2021},
  publisher={Yale University Press}
}
