@article{adebara2022afrilid,
  title={AfriLID: A Neural Language Identification Tool for African Languages},
  author={Adebara, I. and El-Haj, M. and Mitkov, R. and AbdulRaheem, I.},
  journal={arXiv preprint arXiv:2205.12615},
  year={2022}
}

@article{amano2016languages,
  title={Languages are still a major barrier to global science},
  author={Amano, T. and González-Varo, J. P. and Sutherland, W. J.},
  journal={PLOS Biology},
  volume={14},
  number={12},
  pages={e2000933},
  year={2016},
  publisher={Public Library of Science}
}

@article{besacier2014automatic,
  title={Automatic speech recognition for under-resourced languages: A survey},
  author={Besacier, L. and Barnard, E. and Karpov, A. and Schultz, T.},
  journal={Speech Communication},
  volume={56},
  pages={85-100},
  year={2014},
  publisher={Elsevier}
}

@inproceedings{cieri2016selection,
  title={Selection criteria for low resource language programs},
  author={Cieri, C. and Maxwell, M. and Strassel, S. and Tracey, J.},
  booktitle={Proceedings of LREC 2016},
  year={2016}
}

@inproceedings{conneau2020unsupervised,
  title={Unsupervised cross-lingual representation learning at scale},
  author={Conneau, A. and Khandelwal, K. and Goyal, N. and Chaudhary, V. and Wenzek, G. and Guzmán, F. and Grave, E. and Ott, M. and Zettlemoyer, L. and Stoyanov, V.},
  booktitle={Proceedings of ACL 2020},
  year={2020}
}

@inproceedings{devlin2019bert,
  title={BERT: Pre-training of deep bidirectional transformers for language understanding},
  author={Devlin, J. and Chang, M. W. and Lee, K. and Toutanova, K.},
  booktitle={Proceedings of NAACL 2019},
  year={2019}
}

@inproceedings{guo2021multilingual,
  title={A multilingual search engine for COVID-19 literature},
  author={Guo, J. and Xu, G. and Cheng, X.},
  booktitle={Proceedings of SIGIR 2021},
  year={2021}
}

@inproceedings{joshi2020state,
  title={The state and fate of linguistic diversity and inclusion in the NLP world},
  author={Joshi, P. and Santy, S. and Budhiraja, A. and Bali, K. and Choudhury, M.},
  booktitle={Proceedings of ACL 2020},
  year={2020}
}

@inproceedings{joulin2017bag,
  title={Bag of tricks for efficient text classification},
  author={Joulin, A. and Grave, E. and Bojanowski, P. and Mikolov, T.},
  booktitle={Proceedings of EACL 2017},
  year={2017}
}

@article{kim2020covid,
  title={COVID-19: Magnifying the effect of health disparities},
  author={Kim, E. J. and Marrast, L. and Conigliaro, J.},
  journal={Journal of General Internal Medicine},
  volume={35},
  pages={2441-2442},
  year={2020}
}

@inproceedings{lauscher2020zero,
  title={From zero to hero: On the limitations of zero-shot language transfer with multilingual Transformers},
  author={Lauscher, A. and Ravishankar, V. and Vulić, I. and Glavaš, G.},
  booktitle={Proceedings of EMNLP 2020},
  year={2020}
}

@inproceedings{litschko2021crosslingual,
  title={CrossLingual Retrieval for iterative Self-Supervised training},
  author={Litschko, R. and Glavaš, G. and Ponzetto, S. P. and Vulić, I.},
  booktitle={Proceedings of NAACL 2021},
  year={2021}
}

@article{liu2017changing,
  title={The changing role of non-English papers in scholarly communication: Evidence from Web of Science's three journal citation indexes},
  author={Liu, W.},
  journal={Learned Publishing},
  volume={30},
  number={2},
  pages={115-123},
  year={2017}
}

@inproceedings{nakov2018biomedical,
  title={Biomedical information retrieval},
  author={Nakov, P. and Màrquez, L. and Silvestri, F.},
  booktitle={Proceedings of SIGIR Forum 2018},
  year={2018}
}

@inproceedings{nekoto2020participatory,
  title={Participatory research for low-resourced machine translation: A case study in African languages},
  author={Nekoto, W. and Marivate, V. and Matsila, T. and Fasubaa, T. and Kolawole, T. and Fagbohungbe, T. and others},
  booktitle={Findings of EMNLP 2020},
  year={2020}
}

@article{pazzanese2020language,
  title={Language barriers hamper COVID response},
  author={Pazzanese, C.},
  journal={Harvard Gazette},
  year={2020}
}

@book{phillipson1992linguistic,
  title={Linguistic imperialism},
  author={Phillipson, R.},
  year={1992},
  publisher={Oxford University Press}
}

@article{piller2020linguistic,
  title={Linguistic diversity in a time of crisis: Language challenges of the COVID-19 pandemic},
  author={Piller, I. and Zhang, J. and Li, J.},
  journal={Multilingua},
  volume={39},
  number={5},
  pages={503-515},
  year={2020}
}

@article{taskin2020open,
  title={Does open access boost the citation counts of early COVID-19 article preprints?},
  author={Taşkın, Z. and Doğan, G. and Akça, S. and Şencan, İ. and Akbulut, M.},
  journal={Scientometrics},
  volume={126},
  number={6},
  pages={5401-5414},
  year={2020}
}

@article{wang2020cord,
  title={CORD-19: The COVID-19 Open Research Dataset},
  author={Wang, L. L. and Lo, K. and Chandrasekhar, Y. and Reas, R. and Yang, J. and Eide, D. and others},
  journal={arXiv preprint arXiv:2004.10706},
  year={2020}
}

@article{yeheskel2019exploring,
  title={Exploring the 'patient experience' of individuals with limited English proficiency: A scoping review},
  author={Yeheskel, A. and Rawal, S.},
  journal={Journal of immigrant and minority health},
  volume={21},
  number={4},
  pages={853-878},
  year={2019}
}

@article{zhou2012translation,
  title={Translation techniques in cross-language information retrieval},
  author={Zhou, D. and Truran, M. and Brailsford, T. and Wade, V. and Ashman, H.},
  journal={ACM Computing Surveys},
  volume={45},
  number={1},
  pages={1-44},
  year={2012}
}