@inproceedings{joshi2020state,
  title={The state and fate of linguistic diversity and inclusion in the NLP world},
  author={Joshi, Pratik and Santy, Sebastin and Budhiraja, Amar and Bali, Kalika and Choudhury, Monojit},
  booktitle={Proceedings of the 58th Annual Meeting of the Association for Computational Linguistics},
  pages={6282--6293},
  year={2020}
}

@book{marcus2020rebooting,
  title={Rebooting AI: Building artificial intelligence we can trust},
  author={Marcus, Gary and Davis, Ernest},
  year={2020},
  publisher={Vintage}
}

@inproceedings{nekoto2020participatory,
  title={Participatory research for low-resourced machine translation: A case study in African languages},
  author={Nekoto, Wilhelmina and Marivate, Vukosi and Matsila, Tshinondiwa and Fasubaa, Timi and Kolawole, Taiwo and Fagbohungbe, Tajudeen and others},
  booktitle={Findings of the Association for Computational Linguistics: EMNLP 2020},
  pages={2144--2160},
  year={2020}
}
