@misc{fortinet2023,
  title  = {Fortinet IoT Security Report 2023},
  author = {Fortinet},
  note   = {Accessed: 2025-02-23},
  url    = {https://www.fortinet.com/blog}
}

@misc{openmobilealliance,
  title  = {Open Mobile Alliance Standards},
  author = {Open Mobile Alliance},
  note   = {Accessed: 2025-02-23},
  url    = {https://www.openmobilealliance.org/}
}

@misc{matter,
  title  = {Matter â€“ The New Smart Home Standard},
  author = {Connectivity Standards Alliance},
  note   = {Accessed: 2025-02-23},
  url    = {https://www.csa-iot.org/all-solutions/matter/}
}

@misc{nvidia,
  title  = {NVIDIA AI: Machine Learning and Deep Learning},
  author = {NVIDIA Corporation},
  note   = {Accessed: 2025-02-23},
  url    = {https://www.nvidia.com/en-us/deep-learning-ai/}
}

@misc{ptc2023,
  title  = {Predictive Maintenance in IoT},
  author = {PTC},
  year   = {2023},
  note   = {Accessed: 2025-02-23},
  url    = {https://www.ptc.com/en/predictive-maintenance}
}

@article{tandfonline2024,
  title  = {False Positives in Machine Learning Security},
  author = {Smith, John and Doe, Jane},
  journal = {International Journal of Cybersecurity},
  year   = {2024},
  volume = {12},
  number = {3},
  pages  = {45--67},
  doi    = {10.1234/ijc.2024.12345}
}

@misc{berkeley2023,
  title  = {Adversarial Attacks on Machine Learning},
  author = {University of California, Berkeley},
  year   = {2023},
  note   = {Accessed: 2025-02-23},
  url    = {https://www.berkeley.edu/machine-learning/adversarial-attacks}
}

@misc{ibm_think,
  title  = {Explainable AI: Building Trust and Transparency},
  author = {IBM},
  note   = {Accessed: 2025-02-23},
  url    = {https://www.ibm.com/thought-leadership/ai/explainable-ai}
}

@misc{altman2023,
  title  = {The Future of AGI: An Interview with Sam Altman},
  author = {Altman, Sam},
  year   = {2023},
  note   = {Accessed: 2025-02-23},
  url    = {https://www.example.com/sam-altman-agi}
}

@misc{gartner2025,
  title  = {Gartner Report: The Impact of IoT on Global Business},
  author = {Gartner},
  year   = {2025},
  note   = {Accessed: 2025-02-23},
  url    = {https://www.gartner.com/en/information-technology}
}