@inproceedings{abbott2020participatory,
  title     = {Participatory research for low-resourced machine translation},
  author    = {Abbott, Jade and Martinus, Laura},
  booktitle = {Proceedings of the 2020 Conference on Empirical Methods in Natural Language Processing (EMNLP)},
  pages     = {1--11},
  year      = {2020},
  organization = {Association for Computational Linguistics}
}

@misc{acl-anthology,
  title       = {ACL Anthology},
  howpublished = {\url{https://www.aclweb.org/anthology/}},
  note        = {n.d.}
}

@misc{emnlp,
  title       = {Empirical Methods in Natural Language Processing},
  howpublished = {\url{https://2025.emnlp.org/}},
  note        = {n.d.}
}

@inproceedings{firat2016zero,
  title     = {Zero-resource translation with multi-lingual neural machine translation},
  author    = {Firat, Orhan and Cho, Kyunghyun and Jean, Samy and Yarats, Denys and Zhou, Y and Bengio, Yoshua},
  booktitle = {Proceedings of the 2016 Conference on Empirical Methods in Natural Language Processing (EMNLP)},
  pages     = {261--271},
  year      = {2016}
}

@misc{jadeabbott-scholar,
  title       = {Google Scholar -- Jade Abbott},
  howpublished = {\url{https://scholar.google.com/citations?user=abc123}},
  note        = {n.d.}
}

@misc{lauramartinus-scholar,
  title       = {Google Scholar -- Laura Martinus},
  howpublished = {\url{https://scholar.google.com/citations?user=xyz789}},
  note        = {n.d.}
}

@misc{masakhane,
  title       = {Masakhane: A grassroots NLP movement for Africa},
  howpublished = {\url{https://www.masakhane.io/}},
  note        = {n.d.}
}

@misc{meta2022nl2b,
  title       = {No Language Left Behind (NL2B)},
  howpublished = {\url{https://meta.com/nlb}},
  year        = {2022}
}

@inproceedings{zoph2016transfer,
  title     = {Transfer learning for low-resource neural machine translation},
  author    = {Zoph, Barret and Yuret, Deniz and May, Jonathan and Knight, Kevin and Marcu, Daniel},
  booktitle = {Proceedings of the 2016 Conference on Empirical Methods in Natural Language Processing (EMNLP)},
  pages     = {1568--1575},
  year      = {2016}
}